%% This BibTeX bibliography file was created using BibDesk.
%% http://bibdesk.sourceforge.net/


%% Created for Marion Sofia Alberty at 2020-12-08 21:26:47 -0500 


%% Saved with string encoding Unicode (UTF-8) 



@unpublished{alberty2020observations,
	author = {Alberty, Marion S and MacKinnon, Jennifer A and Sprintall, Janet and Alford, Matthew H and Mickett, John B and Fine, Elizabeth C},
	date-added = {2020-12-08 21:20:13 -0500},
	date-modified = {2020-12-08 21:20:13 -0500},
	note = {in preparation},
	title = {{Observations of submesoscale mixed layer processes in the Arctic}}}

@article{germineaud2016pathways,
	author = {Germineaud, Cyril and Ganachaud, Alexandre and Sprintall, Janet and Cravatte, Sophie and Eldin, G{\'e}rard and Alberty, Marion S and Privat, Emilien},
	date-added = {2020-12-08 15:38:02 -0500},
	date-modified = {2020-12-08 15:38:02 -0500},
	journal = {Journal of Physical Oceanography},
	number = {10},
	pages = {3031--3049},
	title = {{Pathways and Water Mass Properties of the Thermocline and Intermediate Waters in the Solomon Sea}},
	volume = {46},
	year = {2016}}

@article{alberty2017reflecting,
	author = {Alberty, Marion S and Billheimer, Sam and Hamann, Madeline and Ou, Celia and Tamsitt, Veronica and Lucas, Andrew J and Alford, Matthew H},
	date-added = {2019-12-20 13:26:01 -0500},
	date-modified = {2019-12-20 13:26:01 -0500},
	journal = {Journal of Geophysical Research: Oceans},
	title = {A reflecting, steepening, and breaking internal tide in a submarine canyon},
	year = {2017}}

@article{alberty2017spatial,
	author = {Alberty, Marion S and Sprintall, Janet and MacKinnon, Jennifer A and Ganachaud, Alexandre and Cravatte, Sophie and Eldin, Gerard and Germineaud, Cyril and Melet, Angelique},
	date-added = {2019-12-20 13:26:01 -0500},
	date-modified = {2019-12-20 13:26:01 -0500},
	journal = {Journal of Geophysical Research: Oceans},
	title = {{Spatial patterns of mixing in the Solomon Sea}},
	year = {2017}}

@article{alberty2019moored,
	author = {Alberty, Marion S and Sprintall, Janet and MacKinnon, Jennifer and Germineaud, Cyril and Cravatte, Sophie and Ganachaud, Alexandre},
	date-added = {2019-12-20 13:26:01 -0500},
	date-modified = {2019-12-20 13:26:01 -0500},
	journal = {Journal of Geophysical Research: Oceans},
	publisher = {Wiley Online Library},
	title = {{Moored Observations of Transport in the Solomon Sea}},
	year = {2019}}

@article{mackinnon2016tale,
	author = {MacKinnon, Jennifer A and Nash, Jonathan D and Alford, Matthew H and Lucas, Andrew J and Mickett, John B and Shroyer, Emily L and Waterhouse, Amy F and Tandon, Amit and Sengupta, Debasis and Mahadevan, Amala and others},
	date-added = {2019-12-20 11:43:08 -0500},
	date-modified = {2019-12-20 11:43:08 -0500},
	journal = {Oceanography},
	number = {2},
	pages = {50--61},
	publisher = {JSTOR},
	title = {A tale of two spicy seas},
	volume = {29},
	year = {2016}}

@article{ganachaud2017solomon,
	author = {Ganachaud, Alexandre and Cravatte, Sophie and Sprintall, Janet and Germineaud, Cyril and Alberty, Marion and Jeandel, Catherine and Eldin, Gerard and Metzl, Nicolas and Bonnet, Sophie and Benavides, Mar and others},
	date-added = {2019-12-20 11:42:53 -0500},
	date-modified = {2019-12-20 11:42:53 -0500},
	journal = {Elem Sci Anth},
	publisher = {University of California Press},
	title = {{The Solomon Sea: its circulation, chemistry, geochemistry and biology explored during two oceanographic cruises}},
	volume = {5},
	year = {2017}}

@unpublished{germineaud2020pacific,
	author = {Germineaud, Cyril and Cravatte, Sophie and Sprintall, Janet and Alberty, Marion S and Grenier, M{\'e}lanie and Ganachaud, Alexandre},
	date-added = {2019-12-20 11:42:44 -0500},
	date-modified = {2020-12-08 16:01:35 -0500},
	journal = {Deep-Sea Research Part I},
	note = {Manuscript submitted for publication},
	title = {{Deep Pacific Circulation: new insights on pathways through the Solomon Sea}},
	year = {2020}}

@unpublished{alberty2020impact,
	author = {Alberty, Marion S and Legg, Sonya and Hallberg, Robert},
	date-added = {2019-12-20 11:42:15 -0500},
	date-modified = {2020-12-08 21:26:37 -0500},
	note = {in preparation},
	title = {{Impact of submesoscale processes on frontal evolution in the Arctic}}}
