%% This BibTeX bibliography file was created using BibDesk.
%% http://bibdesk.sourceforge.net/


%% Created for Marion Sofia Alberty at 2019-12-20 11:44:34 -0500 


%% Saved with string encoding Unicode (UTF-8) 



@techreport{alberty2017spice,
	Address = {Retrieved from https://escholarship.org/uc/item/6xd149s8},
	Author = {Alberty, Marion S and Germineaud, Cyril and Sprintall, Janet and Ganachaud, Alexandre and Cravatte, Sophie},
	Date-Added = {2019-12-20 11:44:24 -0500},
	Date-Modified = {2019-12-20 11:44:24 -0500},
	Institution = {UC San Diego: Scripps Institution of Oceanography},
	Title = {{SPICE mooring data report: Description and quality control}},
	Year = {2017}}

@phdthesis{alberty2018water,
	Author = {Alberty, Marion Sofia},
	Date-Added = {2019-12-20 11:44:24 -0500},
	Date-Modified = {2019-12-20 11:44:24 -0500},
	School = {UNIVERSITY OF CALIFORNIA SAN DIEGO},
	Title = {{Water mass transport and transformation in the Tropics and Arctic}},
	Year = {2018}}
